<record><leader>00000cas a2200000 a 4500</leader><controlfield tag="001">2266324</controlfield><controlfield tag="008">760620d18371845inuwr ne      0    0eng  </controlfield><datafield ind1=" " ind2=" " tag="010"><subfield code="a">sn 82016426 </subfield></datafield><datafield ind1=" " ind2=" " tag="040"><subfield code="a">DLC</subfield><subfield code="b">eng</subfield><subfield code="c">PIT</subfield><subfield code="d">DLC</subfield><subfield code="d">NPX</subfield><subfield code="d">NPI</subfield><subfield code="d">DLC</subfield><subfield code="d">IUL</subfield><subfield code="d">OCLCQ</subfield><subfield code="d">NVF</subfield><subfield code="d">DLC</subfield><subfield code="d">OCLCQ</subfield><subfield code="d">OCLCF</subfield><subfield code="d">OCLCO</subfield></datafield><datafield ind1="1" ind2=" " tag="029"><subfield code="a">AU@</subfield><subfield code="b">000020394429</subfield></datafield><datafield ind1=" " ind2=" " tag="042"><subfield code="a">pcc</subfield></datafield><datafield ind1=" " ind2=" " tag="043"><subfield code="a">n-us-in</subfield></datafield><datafield ind1="0" ind2="0" tag="050"><subfield code="a">Newspaper 7739</subfield></datafield><datafield ind1="0" ind2="4" tag="245"><subfield code="a">The political beacon.</subfield></datafield><datafield ind1=" " ind2=" " tag="260"><subfield code="a">Lawrenceburg, IA [i.e. Ind.] :</subfield><subfield code="b">Milton Gregg,</subfield><subfield code="c">1837-</subfield></datafield><datafield ind1=" " ind2=" " tag="300"><subfield code="a">v.</subfield></datafield><datafield ind1=" " ind2=" " tag="310"><subfield code="a">Weekly</subfield></datafield><datafield ind1="0" ind2=" " tag="362"><subfield code="a">Vol. 1, no. 1 (Oct. 7, 1837)-</subfield></datafield><datafield ind1="1" ind2=" " tag="362"><subfield code="a">Ceased in 1845.</subfield></datafield><datafield ind1=" " ind2=" " tag="500"><subfield code="a">Publishers: Milton Gregg, &lt;1839-1841&gt;; C.W. Hutchen, 1842-1843; Dunn &amp; Watts, 1843-1845.</subfield></datafield><datafield ind1=" " ind2=" " tag="500"><subfield code="a">"Whig" to 1842; "Democratic," 1842-1845.</subfield></datafield><datafield ind1=" " ind2=" " tag="530"><subfield code="a">Available on microform from the Library of Congress, Photoduplication Service.</subfield></datafield><datafield ind1=" " ind2="0" tag="651"><subfield code="a">Lawrenceburg (Ind.)</subfield><subfield code="v">Newspapers.</subfield></datafield><datafield ind1=" " ind2="7" tag="655"><subfield code="a">Newspapers.</subfield><subfield code="2">fast</subfield><subfield code="0">(OCoLC)fst01423814</subfield></datafield><datafield ind1=" " ind2="7" tag="651"><subfield code="a">Indiana</subfield><subfield code="z">Lawrenceburg.</subfield><subfield code="2">fast</subfield><subfield code="0">(OCoLC)fst01238715</subfield></datafield><datafield ind1=" " ind2=" " tag="752"><subfield code="a">United States</subfield><subfield code="b">Indiana</subfield><subfield code="c">Dearborn</subfield><subfield code="d">Lawrenceburg.</subfield></datafield><datafield ind1="0" ind2="0" tag="780"><subfield code="t">Indiana palladium (Lawrenceburg, Ind.)</subfield><subfield code="w">(DLC)sn 82016427</subfield></datafield><datafield ind1="0" ind2="5" tag="780"><subfield code="t">Gazette (Lawrenceburg, Ind.)</subfield><subfield code="g">Dec. 1842</subfield></datafield><datafield ind1="0" ind2="7" tag="785"><subfield code="t">Indiana Whig (Lawrenceburg, Ind. : 1843)</subfield><subfield code="w">(DLC)sn 85047664</subfield></datafield><datafield ind1="0" ind2="7" tag="785"><subfield code="t">Dearborn County register (Lawrenceburg, Ind. : 1845)</subfield></datafield></record>